@online{MP,
author = {{Village Telco}},
title = {Mesh Potato},
year = {2013},
note = {{http://store.villagetelco.com/mesh-potatoes/mesh-potato.html}, last accessed 20.02.2014},
}

@online{background,
author = {{Village Telco}},
title = {Background Village Telco},
year = {Last edited: 2013},
note = {\url{http://wiki.villagetelco.org/Background}, accessed 20.02.2014},
}

@article{adhoc,
author = {Xiaoyan Hong and Kaixin Xu and Maria Gerla},
title = {Scalable Routing Protocols for Mobile Ad Hoc Networks},
journal = {IEEE},
year = {2002},
url = {http://ieeexplore.ieee.org/stamp/stamp.jsp?arnumber=01020231},
}

@article{adhoc2,
author = {Jeroen Hoebeke and Ingrid Moerman and Bart Dhoedt and Piet Demeester},
title = {An Overview of Mobile Ad Hoc Networks: Applications and Challenges},
year = {2004},
url = {http://cwi.unik.no/images/Manet_Overview.pdf},
}

@article{proactivereactive,
author = {Basu Dev Shivahare and Charu Wahi and Shalini Shivhare},
title = {Comparison of Proactive and Reactive Routing Protocols in Mobile Adhoc Network Using Routing Protocol Property},
journal = {International Journal of Emerging Technology and Advanced Engineering},
year = {2012},
url = {http://www.ijetae.com/files/Volume2Issue3/IJETAE_0312_59.pdf},
}

@online{MPorigin,
author = {{Village Telco}},
title = {The Origin of the Mesh Potato},
year = {Last edited: 2013},
note = {\url{http://villagetelco.org/2008/06/the-origin-of-the-mesh-potato/}, accessed 21.02.2014},
}

@article{batman,
author = {A. Neumann and C. Aichele and M. Lindner and S. Wunderlich},
title = {Better Approach To Mobile Ad-hoc Networking (B.A.T.M.A.N.)},
year = {2008},
note = {\url{http://tools.ietf.org/html/draft-wunderlich-openmesh-manet-routing-00}, accessed 21.02.2014},
}

@online{batman2,
author = {{Freie Universität Berlin}},
title = {Better Approach To Mobile Ad hoc Networking (B.A.T.M.A.N.)},
note = {\url{http://www.des-testbed.net/content/better-approach-mobile-ad-hoc-networking-batman}, accessed 24.02.2014},
}

@online{OLSR,
author = {T. Clausen and P. Jacquet},
title = {Optimized Link State Routing Protocol (OLSR)},
year = {2003},
journal = {RFC3626},
url = {http://www.ietf.org/rfc/rfc3626.txt},
}

@online{MPworkshop,
author = {{Village Telco}},
title = {Village Telco Workshop},
year = {2008},
note = {\url{http://villagetelco.org/2008/07/village-telco-workshop/}, last accessed 24.02.2014},
}

@online{MPbyRowe,
author = {David Rowe},
title = {The Mesh Potato Part 1},
year = {2008},
note = {\url{http://www.rowetel.com/blog/?p=70}, accessed 26.02.2014},
}

@online{MParticle,
author = {Jim Dempsey},
title = {The mesh potato network},
year = {2008},
note = {\url{http://ictupdate.cta.int/en/Feature-Articles/The-mesh-potato-network}, accessed 26.02.2014},
}


@online{spud,
author = {{Village Telco}},
title = {SPUD – Simple Unified Dashboard for mesh networks},
note = {\url{http://villagetelco.org/2011/06/spud-simple-unified-dashboard-for-mesh-networks/}, accessed 26.02.2014},
}


@inbook{wmn,
author = {Junfang Wang and Bin Xie and Dharma P. Agrawal},
title = {Journey from Mobile Ad Hoc Networks to Wireless Mesh Networks},
booktitle = {Guide to Wireless Mesh Networks},
year = {2009},
publisher = {Springer London},
pages = {1--30},
url = {http://download.springer.com/static/pdf/955/chp%253A10.1007%252F978-1-84800-909-7_1.pdf?auth66=1393585102_53ffc1243b0d152f5da3ead49b454953&ext=.pdf},
}

@online{openwrt,
author = {{OpenWrt Wiki}},
title = {About OpenWrt},
note = {\url{http://wiki.openwrt.org/about/start}, accessed 03.03.2014},
}


@online{openwrt2,
author = {{OpenWrt Wiki}},
title = {OpenWrt Version History},
note = {\url{http://wiki.openwrt.org/about/history}, accessed 10.03.2014},
}

@online{binaryBolb,
author = {Wikipedia},
title = {Binary bolb},
year = {Last modified December 2013},
note = {\url{http://en.wikipedia.org/wiki/Binary_blob}, accessed 05.03.2014},
}

@online{robin,
author = {{P2P foundation}},
title = {ROBIN},
note = {\url{http://p2pfoundation.net/ROBIN}, accessed 05.03.2014},
}

@article{womenRefugee,
author = {Mari Maasilta},
title = {Outsiders or active citizents? The role of oral amd mediated ommunication in African refugee camps},
year = {?},
url = {},
}

@online{dadaab,
author = {Inveneo},
title = {How Better Connectivity Can Help Dadaab, the World's Largest Refugee Camp},
year = {2012},
note = {\url{http://www.inveneo.org/2012/06/how-better-connectivity-can-help-dadaab-the-worlds-largest-refugee-camp/}, accessed 10.03.2014},
}

@online{dadaabcare,
author = {Care},
title = {Dadaab Refugee Camps, Kenya},
note = {\url{http://care.org/emergencies/dadaab-refugee-camp-kenya}, accessed 11.03.2014},
}

@online{nethope,
author = {Wikipedia},
title = {NetHope},
year = {Last edited: 13 May 2013},
note = {\url{http://en.wikipedia.org/wiki/NetHope}, accessed 11.03.2014},
}

@online{dadaabinveneo,
author = {Inveneo},
title = {DadaabConnect},
note = {\url{http://www.inveneo.org/projects/dadaabconnect/}, accessed 11.03.2014},
}

@online{uplink,
author = {Bradley Mitchell},
title = {What is an Uplink(Port)?},
note = {\url{http://compnetworking.about.com/od/homenetworking/f/uplink-port.htm}, accessed 14.03.2014},
}

@online{HR,
author = {David Kravets},
title = {U.N. Report Declares Internet Access a Human Right},
note = {\url{http://www.wired.com/threatlevel/2011/06/internet-a-human-right/}, accessed 14.03.2014},
}

@inbook{broadband,
title = {Broadband Internet: Access, Regulation and Policy},
year = {2007},
editor = {Ellen S. Cohen},
pages = {80--81},
url = {http://www.google.no/books?hl=en&lr=&id=dgMzppgi3X8C&oi=fnd&pg=PA51&dq=internet+access+satellite&ots=4Vx5o9ECm7&sig=7C1bq7U8RnQ_kqnbLePJs_RGDLI&redir_esc=y#v=onepage&q&f=false},
}

@online{cablevssatellite,
author = {Alexis Chianis},
title = {Cable vs. Satellite — Which Internet Connection Serves Your Business Best?},
note = {\url{http://www.businessbee.com/resources/news/technology-buzz/cable-vs-satellite-internet-connection-serves-business-best/}, accessed 14.03.2014},
}

@online{listeNedetid,
author = {Wikipedia},
title = {Liste over nedetid i mobilnettet i Norge},
note = {\url{http://no.wikipedia.org/wiki/Liste_over_nedetid_i_mobilnettet_i_Norge}, accessed 19.03.2014},
}

@online{TelenorNede,
author = {Nettavisen.no},
title = {Telenor: Feilen i mobilnettet er rettet},
note = {\url{http://www.nettavisen.no/nyheter/3168897.html}, accessed 19.03.2014},
}

@online{naturalDisaster,
author = {Dictionary.com},
title = {Natural Disaster},
note = {\url{http://dictionary.reference.com/browse/natural+disaster}, accessed 19.03.2014},
}

@online{refugeeDef,
author = {{The UN Refugee Agency}},
title = {What is a refugee?},
note = {\url{http://www.unrefugees.org/site/c.lfIQKSOwFqG/b.4950731/k.A894/What_is_a_refugee.htm}, accessed 20.03.2014},
}

@online{UNHCRstat2012,
author = {Ami Sedghi},
title = {UNHCR 2012 refugee statistics: full data},
date = {19},
month = {June},
year = {2013},
note = {\url{http://www.theguardian.com/news/datablog/2013/jun/19/refugees-unhcr-statistics-data}, accessed 20.03.2014},
}

@online{UNHCRstat2010,
author = {Ami Sedghi and Simon Rogers},
title = {UNHCR 2011 refugee statistics: full data},
date = {20},
month = {June},
year = {2011},
note = {\url{http://www.theguardian.com/news/datablog/2011/jun/20/refugee-statistics-unhcr-data}, accessed 24.03.2014},
}


@online{numberofrefugees,
author = {James Miller},
title = {The number of refugees worldwide is going up},
date = {19},
month = {June},
year = {2013},
note = {\url{http://www.globalpost.com/dispatch/news/war/130619/refugees-worldwide-numbers-stats-displaced-people-afghanistan-somalia-sudan-syria-iraq}, accessed 24.03.2014},
}

@online{somalia,
author = {{Refugees International}},
title = {Somalia},
note = {\url{http://refugeesinternational.org/where-we-work/africa/somalia}, accessed 24.03.2014},
}

@online{iraq,
author = {{Refugees International}},
title = {Iraq},
note = {\url{http://www.refugeesinternational.org/where-we-work/middle-east/iraq}, accessed 24.03.2014},
}

@online{multipeer,
author = {Apple},
title = {About Multipeer Connectivity},
date = {18},
month = {September},
year = {2013},
note = {\url{https://developer.apple.com/library/ios/documentation/MultipeerConnectivity/Reference/MultipeerConnectivityFramework/Introduction/Introduction.html}, accessed 25.03.2014},
}

@online{appleMesh,
author = {Mike Elgan},
title = {How an Under-Appreciated iOS 7 Feature Will Change the World},
date = {22},
month = {March},
year = {2014},
note = {\url{http://www.cultofmac.com/271225/appreciated-ios-7-feature-will-change-world/}, accessed 25.03.2014},
}

@inbook{audestad,
author = {Jan A. Audestad} ,
title     =  {Technologies and Systems for Access and Transport Networks},
publisher = {Artech House, Inc.} ,
year      = {2008},
}

@online{googleMesh,
author = {Mike Elgan},
title = {Why Google Is Working on Home Mesh Networking},
date = {11},
month = {March},
year = {2014},
note = {\url{http://www.eweek.com/cloud/why-google-is-working-on-home-mesh-networking.html}, accessed 27.03.2014},
}

@online{fireChat,
author = {FireChat},
title = {app store: FireChat},
note = {\url{https://itunes.apple.com/us/app/firechat/id719829352?mt=8&ign-mpt=uo%3D8}, accessed 27.03.2014},
}

@online{loon,
author = {{Project Loon}},
title = {Projet Loon: Balloon-Powered Internt for Everyone},
note = {\url{http://www.google.com/loon/}, accessed 27.03.2014},
}

@online{loonTU,
author = {Roald Ramsdal},
title = {Google fikk ja til å sende internett-ballonger over Norge},
date = {22},
month = {March},
year = {2014},
note = {\url{http://www.tu.no/it/2014/03/22/google-fikk-ja-til-a-sende-internett-ballonger-over-norge}, accessed 23.03.2014},
}

@online{internet,
author = {{Digital Unite}},
title = {How to connect to Internet},
note = {\url{http://digitalunite.com/guides/using-internet-0/connecting-internet/how-connect-internet}, accessed 27.03.2014},
}

@inbook{differentuplinks,
author = {June Jamrich Parsons and Dan Oja} ,
title     =  {New Perspectives on Computer Concepts 2010:Comprehensive},
publisher = {Course Technology} ,
year      = {2010},
pages = {313--315},
}

@online{itu2011,
author = {{International Telecommunication Union}},
title = {The World in 2011: ICT Facts and Figures},
note = {\url{http://www.itu.int/ITU-D/ict/facts/2011/material/ICTFactsFigures2011.pdf}, accessed 28.03.2014},
}

@online{itu2013,
author = {{International Telecommunication Union}},
title = {The World in 2013: ICT Facts and Figures},
note = {\url{http://www.itu.int/en/ITU-D/Statistics/Documents/facts/ICTFactsFigures2013-e.pdf}, accessed 28.03.2014},
}

@online{mobilebroadband,
author = {Bradley Mithcell},
title = {What Is Mobile Broadband?},
note = {\url{http://compnetworking.about.com/od/internetaccessbestuses/f/what-is-mobile-broadband.htm}, accessed 28.03.2014},
}

@online{3gvs4g,
author = {Diffen},
title = {3G vs 4G},
note = {\url{http://www.diffen.com/difference/3G_vs_4G}, accessed 28.03.2014},
}

@online{loonYouTube,
author = {{Project Loon}},
title = {Project Loon},
year = {2013-2014},
note = {\url{http://www.youtube.com/user/ProjectLoon}, accessed 28.03.2014},
}

@online{loonNorsk,
author = {ANDERS BRATTENSBORG SMEDSRUD},
title = {Disse ballongene skal gi Internett til hele verden},
date = {17},
month = {June},
year = {2013},
note = {\url{http://www.hardware.no/artikler/disse-ballongene-skal-gi-internett-til-hele-verden/134539}, accessed 28.03.2014},
}

@online{hurricaneSandy,
author = {Valerie Insinna },
title = {Natural Disasters Uncover Ongoing Emergency Communications Problems },
month = {June},
year = {2013},
note = {\url{http://www.nationaldefensemagazine.org/archive/2013/January/Pages/NaturalDisastersUncoverOngoingEmergencyCommunicationsProblems.aspx}, accessed 28.03.2014},
}

@online{WikiSandy,
author = {Wikipedia},
title = {Orkanen Sandy},
note = {\url{http://no.wikipedia.org/wiki/Orkanen_Sandy}, accessed 31.03.2014},
}

@online{comparisonuplinks,
author = {Steve Cope},
title = {Internet Connection and Access Methods},
year = {2011},
note = {\url{http://www.steves-internet-guide.com/connect-methods/}, accessed 31.03.2014},
}

@online{disasterComm,
author = {Scott Kelly},
title = {What is the best SHTF/disaster communication?},
note = {\url{http://graywolfsurvival.com/2716/ham-radio-best-shtfdisaster-communication/}, accessed 01.04.2014},
}

@online{wikiHaiyan,
author = {Wikipedia},
title = {Typhoon Haiyan},
note = {\url{http://en.wikipedia.org/wiki/Typhoon_Haiyan}, accessed 01.04.2014},
}

@online{disasterResponse,
author = {Mark Tran},
title = {Typhoon Haiyan disaster response: how the relief effort worked},
date = {7},
month = {February},
year = {2014},
note = {\url{http://www.theguardian.com/global-development/poverty-matters/2014/feb/07/typhoon-haiyan-disaster-response-philippines-relief-effort}, accessed 01.04.2014},
}

@online{UNcluster,
author = {{United Nations}},
title = {THow are disaster relief efforts organized? The Cluster Approach},
note = {\url{http://business.un.org/en/assets/39c87a78-fec9-402e-a434-2c355f24e4f4.pdf}, accessed 01.04.2014},
}

@online{keith,
author = {Keith Williamson},
title = {Guest Post: Adapting Mesh Potatoes for Emergency Work},
note = {\url{http://villagetelco.org/2011/11/guest-post-adapting-mps-for-emergency-work/}, accessed 02.04.2014},
}

@online{flashing,
author = {{Village Telco}},
title = {Flash Your Mesh Potato},
note = {\url{http://villagetelco.org/get-started/flash-your-mesh-potato/}, accessed 09.04.2014},
}


@online{InstallingSecnFirmware,
author = {{Village Telco}},
title = {Installing VT SECN Firmware},
note = {\url{http://wiki.villagetelco.org/Installing_VT_SECN_Firmware#Using_Potato_Flash_software}, accessed 09.04.2014},
}

@online{ChoosingFirmware,
author = {{Village Telco}},
title = {Choosing a firmware for the MP},
note = {\url{http://villagetelco.org/get-started/choosing-a-firmware-for-the-mp/}, accessed 09.04.2014},
}